
@article{Victor,
  title={A Knowledge-Based Approach of Connect-Four},
  author={Allis, L.V.},
  year={1988},
  journal={ICGA Journal},
  volume={11},
  pages={165-165},
}